<record><leader>00000cas a22000007a 4500</leader><controlfield tag="001">34001402</controlfield><controlfield tag="008">960108d19111982okudr n       0    0eng d</controlfield><datafield ind1=" " ind2=" " tag="010"><subfield code="a">sn 95076398 </subfield></datafield><datafield ind1=" " ind2=" " tag="040"><subfield code="a">OBN</subfield><subfield code="b">eng</subfield><subfield code="c">OBN</subfield><subfield code="d">OCLCQ</subfield><subfield code="d">OCLCF</subfield><subfield code="d">OCLCO</subfield></datafield><datafield ind1="1" ind2=" " tag="029"><subfield code="a">AU@</subfield><subfield code="b">000025859507</subfield></datafield><datafield ind1=" " ind2=" " tag="042"><subfield code="a">msc</subfield></datafield><datafield ind1=" " ind2=" " tag="043"><subfield code="a">n-us-ok</subfield></datafield><datafield ind1="0" ind2="0" tag="245"><subfield code="a">Tulsa daily legal news.</subfield></datafield><datafield ind1=" " ind2=" " tag="260"><subfield code="a">Tulsa, Okla. :</subfield><subfield code="b">Jennie C. Rosen</subfield></datafield><datafield ind1=" " ind2=" " tag="300"><subfield code="a">v.</subfield></datafield><datafield ind1=" " ind2=" " tag="310"><subfield code="a">Daily (except Sundays and legal holidays)</subfield></datafield><datafield ind1="0" ind2=" " tag="362"><subfield code="a">-v. 64, no. 129 (June 30, 1982).</subfield></datafield><datafield ind1="1" ind2=" " tag="362"><subfield code="a">Began Nov. 8, 1911.</subfield></datafield><datafield ind1=" " ind2=" " tag="588"><subfield code="a">Description based on: Vol. 2, no. 1 (May 1, 1912).</subfield></datafield><datafield ind1=" " ind2="0" tag="650"><subfield code="a">Law</subfield><subfield code="z">Oklahoma</subfield><subfield code="v">Newspapers.</subfield></datafield><datafield ind1=" " ind2="0" tag="651"><subfield code="a">Tulsa (Okla.)</subfield><subfield code="v">Newspapers.</subfield></datafield><datafield ind1=" " ind2="0" tag="651"><subfield code="a">Tulsa County (Okla.)</subfield><subfield code="v">Newspapers.</subfield></datafield><datafield ind1=" " ind2="7" tag="655"><subfield code="a">Newspapers.</subfield><subfield code="2">fast</subfield><subfield code="0">(OCoLC)fst01423814</subfield></datafield><datafield ind1=" " ind2="7" tag="650"><subfield code="a">Law.</subfield><subfield code="2">fast</subfield><subfield code="0">(OCoLC)fst00993678</subfield></datafield><datafield ind1=" " ind2="7" tag="651"><subfield code="a">Oklahoma.</subfield><subfield code="2">fast</subfield><subfield code="0">(OCoLC)fst01205031</subfield></datafield><datafield ind1=" " ind2="7" tag="651"><subfield code="a">Oklahoma</subfield><subfield code="z">Tulsa.</subfield><subfield code="2">fast</subfield><subfield code="0">(OCoLC)fst01205469</subfield></datafield><datafield ind1=" " ind2="7" tag="651"><subfield code="a">Oklahoma</subfield><subfield code="z">Tulsa County.</subfield><subfield code="2">fast</subfield><subfield code="0">(OCoLC)fst01220997</subfield></datafield><datafield ind1=" " ind2=" " tag="752"><subfield code="a">United States</subfield><subfield code="b">Oklahoma</subfield><subfield code="c">Tulsa</subfield><subfield code="d">Tulsa.</subfield></datafield><datafield ind1="0" ind2="5" tag="780"><subfield code="t">Tulsa daily register</subfield><subfield code="w">(DLC)sn 93050468</subfield><subfield code="w">(OCoLC)26577620</subfield></datafield><datafield ind1="0" ind2="0" tag="785"><subfield code="t">Tulsa daily business journal &amp; legal record</subfield><subfield code="w">(DLC)sn 95076398</subfield><subfield code="w">(OCoLC)34001402</subfield></datafield></record>